%IMPORTANT: pay attention to copyrights! Don't link books! 
%On any link placed, include access date

for no repeated names!!
@IEEEtranBSTCTL{IEEEexample:BSTcontrol,
CTLdash_repeated_names = "no"
}

% This is HOW TO GET CONSISTENT FORMATING:
% All titles should have either double {{}} or "{}":

% For papers: (AT)article: 
@article{dummy_article,
      author = {C. Dummy},
      title = "{Title}",
      journal = {NEBM},
      year = 2011,
}
% authors (normal), "title", \italic{journal}, year (normal)


% For books:
@book{dummy_book,
author = "Erik Dahlman and Stefan Parkvall and Johan Sköld",
title = "{5G NR: the Next Generation Wireless Access Technology}",
publisher = "4th Edition, Academic Press",
year = "2018"
}
% authors (normal), \italic title, edition,publisher and year (normal)



% GRID OF BEAMS AND CSI

@book{DAHLMAN2018,
author = "Erik Dahlman and Stefan Parkvall and Johan Sköld",
title = "{5G NR: the Next Generation Wireless Access Technology}",
publisher = "4th Edition, Academic Press",
year = "2018"
}

@article{7504159,
  author={Y. {Ren} and X. {Su} and C. {Qi} and Y. {Wang}},
  title={{Channel Reconstruction for SVD-ZF Precoding in Massive 3D-MIMO Systems: Low-Complexity Algorithm}}, 
  journal={IEEE 83rd Vehicular Technology Conference (VTC Spring)}, 
  year={2016}
}


@article{6292865,
  author={O. E. {Ayach} and R. W. {Heath} and S. {Abu-Surra} and S. {Rajagopal} and Z. {Pi}},
  title={{The capacity optimality of beam steering in large millimeter wave MIMO systems}}, 
  journal={IEEE 13th International Workshop on Signal Processing Advances in Wireless Communications (SPAWC)}, 
  year={2012}
  }


@article{8891356,
  author={S. {Jaeckel} and N. {Turay} and L. {Raschkowski} and L. {Thiele} and R. {Vuohtoniemi} and M. {Sonkki} and V. {Hovinen} and F. {Burkhardt} and P. {Karunakaran} and T. {Heyn}},
  title={{Industrial Indoor Measurements from 2-6 GHz for the 3GPP-NR and QuaDRiGa Channel Model}}, 
  journal={IEEE 90th Vehicular Technology Conference (Fall)}, 
  year={2019}
}


@ARTICLE{8744505,  
author={S. {Ghosh} and D. {Sen}},  
title={{An Inclusive Survey on Array Antenna Design for Millimeter-Wave Communications}},
journal={IEEE Access},
year={2019}
}



@article{beam_steering_techniques,
author = {Uchendu, Iyemeh and Kelly, James},
title = {{Survey of beam steering techniques available for millimeter wave applications}},
journal = {Progress In Electromagnetics Research B},
year = 2016
}


@ARTICLE{7010533,  
author={S. {Han} and C. {I} and Z. {Xu} and C. {Rowell}},  
journal={IEEE Communications Magazine},   
title={{Large-scale antenna systems with hybrid analog and digital beamforming for millimeter wave 5G}},  
year={2015}
}


@ARTICLE{8246591,
  author={S. {Zhang} and C. {Guo} and T. {Wang} and W. {Zhang}},
  journal={IEEE Transactions on Vehicular Technology}, 
  title={{ON–OFF Analog Beamforming for Massive MIMO}}, 
  year={2018}
  }


@ARTICLE{6591907,
author={E. F. W. {Alexanderson}},
journal={Proceedings of the American Institute of Electrical Engineers}, 
title={{Transatlantic radio communication}}, 
year={1919}
}

@book{volakis,
author = {John Volakis},
title = {{Antenna Engineering Handbook}},
publisher = {4th Edition, McGraw-Hill Professional},
year = {2007}
}



@ARTICLE{5262295,
  author={ {Junyi Wang} and  {Zhou Lan} and  {Chang-woo Pyo} and T. {Baykas} and  {Chin-sean Sum} and M. A. {Rahman} and  {Jing Gao} and R. {Funada} and F. {Kojima} and H. {Harada} and S. {Kato}},
  journal={IEEE Journal on Selected Areas in Communications}, 
  title={{Beam codebook based beamforming protocol for multi-Gbps millimeter-wave WPAN systems}}, 
  year={2009}
  }





@book{3gpp-codebooks,
    author = "{3GPP}",
    title = "{TS 38.214 - 5G NR; Physical layer procedures for data}",
    publisher = "v15.3.0, Rel. 15",
    year = "2020"
  }

@book{3gpp-antennas,
    author = "{3GPP}",
    title = "{TS 38.901 - 5G; Study on channel model for frequencies from 0.5 to 100 GHz}",
    publisher = "v16.1.0, Rel. 16",
    year = "2020"
  }

@ARTICLE{8947954,
  author={Y. R. {Li} and B. {Gao} and X. {Zhang} and K. {Huang}},
  journal={IEEE Access}, 
  title={{Beam Management in Millimeter-Wave Communications for 5G and Beyond}}, 
  year={2020}
  }



@ARTICLE{7986957,
  author={G. {Femenias} and F. {Riera-Palou} and X. {Mestre} and J. J. {Olmos}},
  journal={IEEE Access}, 
  title={{Downlink Scheduling and Resource Allocation for 5G MIMO-Multicarrier: OFDM vs FBMC/OQAM}}, 
  year={2017}
  }

@article{dmimo-remco,
  author          = {Sjors Braam and Remco Litjens and Peter Smulders and Wieger Ijntema},
  title           = {{Assessment of Distributed Multi-User MIMO Transmission in 5G Networks}},
  journal         = {18th ACM International Symposium on Mobility Management and Wireless Access (MobiWac)},
  year            = {2020}
}


@ARTICLE{1327795,
  author={B. M. {Hochwald} and T. L. {Marzetta} and V. {Tarokh}},
  journal={IEEE Transactions on Information Theory}, 
  title={{Multiple-antenna channel hardening and its implications for rate feedback and scheduling}}, 
  year={2004}}


@article{7500452,
  author={X. {Li} and E. {Björnson} and S. {Zhou} and J. {Wang}},
  journal={2016 23rd International Conference on Telecommunications (ICT)}, 
  title={{Massive MIMO with multi-antenna users: When are additional user antennas beneficial?}}, 
  year={2016}}



@ARTICLE{8094949,
  author={E. {Björnson} and J. {Hoydis} and L. {Sanguinetti}},
  journal={IEEE Transactions on Wireless Communications}, 
  title={{Massive MIMO Has Unlimited Capacity}}, 
  year={2018}}



@article{7996674,
  author={E. {Björnson} and J. {Hoydis} and L. {Sanguinetti}},
  journal={IEEE International Conference on Communications (ICC)}, 
  title={{Pilot contamination is not a fundamental asymptotic limitation in massive MIMO}}, 
  year={2017}}



@article{tddVSfdd_massiveMIMO,
  author={J. {Flordelis} and F. {Rusek} and F. {Tufvesson} and E. G. {Larsson} and O. {Edfors}},
  journal={IEEE Transactions on Wireless Communications}, 
  title={{Massive MIMO Performance—TDD Versus FDD: What Do Measurements Say?}}, 
  year={2018},
  }



@ARTICLE{795811,
  author={T. K. Y. {Lo}},
  journal={IEEE Transactions on Communications}, 
  title={Maximum ratio transmission}, 
  year={1999}
  }

@article{Vienna5GLLS,
    title   = {{Versatile mobile communications simulation: the {Vienna 5G Link Level Simulator}}},
    author  = {Stefan Pratschner and Bashar Tahir and Ljiljana Marijanovic and Mariam Mussbah and Kiril Kirev and Ronald Nissel and Stefan Schwarz and Markus Rupp},
    journal = {EURASIP Journal on Wireless Communications and Networking},
    year    = {2018}
}

@article{7020879,
  author={F. {Afroz} and K. {Sandrasegaran} and P. {Ghosal}},
  journal={Australasian Telecommunication Networks and Applications Conference (ATNAC)}, 
  title={{Performance analysis of PF, M-LWDF and EXP/PF packet scheduling algorithms in 3GPP LTE downlink}}, 
  year={2014}
  }




@article{miesm1,
  author          = {Josep Colom Ikuno},
  title           = {{System Level Modeling and Optimization of the LTE Downlink}},
  journal         = {{Ph.D. dissertation, TU Wien}},
  year            = {2013}
}

@artcile{1656798,
  author={E. {Tuomaala} and  {Haiming Wang}},
  journal={2nd Asia Pacific Conference on Mobile Technology, Applications and Systems}, 
  title={{Effective SINR approach of link to system mapping in OFDM/multi-carrier mobile network}}, 
  year={2005}
  }

@article{1696622,
  author={ {Lei Wan} and  {Shiauhe Tsai} and M. {Almgren}},
  journal={IEEE Wireless Communications and Networking Conference (WCNC)}, 
  title={{A fading-insensitive performance metric for a unified link quality model}}, 
  year={2006}}


@article{4657235,
  author={A. M. {Cipriano} and R. {Visoz} and T. {Salzer}},
  journal={2008 IEEE 68th Vehicular Technology Conference}, 
  title={{Calibration Issues of PHY Layer Abstractions for Wireless Broadband Systems}}, 
  year={2008}
  }


@article{5982870,
  author={Z. {Hanzaz} and H. D. {Schotten}},
  journal={7th International Wireless Communications and Mobile Computing Conference}, 
  title={{Performance evaluation of Link to system interface for Long Term Evolution system}}, 
  year={2011}}


@article{6008103,
  author={X. {Li} and Q. {Fang} and L. {Shi}},
  journal={IEEE 2nd International Conference on Computing, Control and Industrial Engineering}, 
  title={{A effective SINR link to system mapping method for CQI feedback in TD-LTE system}}, 
  year={2011}}


@article{phdthesis,
author = {Cai, Mingming},
year = {2018},
title = {{Modeling and Mitigating Beam Squint in Millimeter Wave Wireless Communication}},
journal =  {University of Notre Dame}
}

@ARTICLE{7294693,
  author={E. {Björnson} and E. G. {Larsson} and M. {Debbah}},
  journal={IEEE Transactions on Wireless Communications}, 
  title={{Massive MIMO for Maximal Spectral Efficiency: How Many Users and Pilots Should Be Allocated?}}, 
  year={2016}}




% OTHERS........



% Appendix A
@article{7925023,  
author={ {Xingbin He} and  {Zhi Zhang} and  {Wenjie Wang}},  
journal= {2nd IEEE International Conference on Computer and Communications (ICCC)},
title={DOA estimation with uniform rectangular array in the presence of mutual coupling},
year = 2016
}


@book{balanis_antennas,
author = "{C. A. Balanis}",
title = {Antenna Theory: Analysis and Design},
publisher = {4th Edition, Wiley},
year = 2016
}



